% This file was created with JabRef 2.9b2.
% Encoding: UTF-8


@book{ll5,
  title={Statistical Physics: Volume 5},
  author={Landau, L. D. and Lifshitz, E. M.},
  year={2013},
  publisher={Elsevier}
}


@book{ll9,
  title={Statistical physics: Volume 9},
  author={Lifshitz,  E. M. and Pitaevskii, L. P. },
  year={2013},
  publisher={Elsevier}
}


@book{tinkham,
  title={Introduction to superconductivity},
  author={Tinkham, M.},
  year={2004},
  publisher={Courier Corporation}
}



@article{cooper,
  title={Bound electron pairs in a degenerate Fermi gas},
  author={Cooper, L. N.},
  journal={Physical Review},
  volume={104},
  number={4},
  pages={1189},
  year={1956},
  publisher={APS}
}


