% Encoding: UTF-8


@book{mandel_wolf_1995, 
    place={Cambridge}, 
    title={Optical Coherence and Quantum Optics}, 
    DOI={10.1017/CBO9781139644105}, 
    publisher={Cambridge University Press}, 
    author={Mandel, Leonard and Wolf, Emil}, 
    year={1995}
}


@inbook{allen_1975,
  title={Optical Resonance and Two-Level Atoms},
  author={Allen L and Eberly J H},
  year={1975},
  publisher={New York: Wiley}
}




@article{main_2006,
    author = {Maguire, L and Bijnen, R and Mese, Emine and Scholten, R},
    year = {2006},
    month = {06},
    pages = {2709-2720},
    title = {Theoretical calculation of saturated absorption spectra for multi-level atoms},
    volume = {39},
    journal = {J. Phys. B: At. Mol. Opt. Phys},
    doi = {10.1088/0953-4075/39/12/007}
}


